@inproceedings{DBLP:conf/mobisys/ZhouX14,
  author    = {Ruogu Zhou and
               Guoliang Xing},
  title     = {nShield: a noninvasive {NFC} security system for mobiledevices},
  booktitle = {The 12th Annual International Conference on Mobile Systems, Applications,
               and Services, MobiSys'14, Bretton Woods, NH, USA, June 16-19, 2014},
  pages     = {95--108},
  year      = {2014},
  crossref  = {DBLP:conf/mobisys/2014},
  url       = {http://doi.acm.org/10.1145/2594368.2594376},
  doi       = {10.1145/2594368.2594376},
  timestamp = {Sat, 31 May 2014 14:54:23 +0200},
  biburl    = {http://dblp.uni-trier.de/rec/bib/conf/mobisys/ZhouX14},
  bibsource = {dblp computer science bibliography, http://dblp.org}
}

@proceedings{DBLP:conf/mobisys/2014,
  editor    = {Andrew T. Campbell and
               David Kotz and
               Landon P. Cox and
               Zhuoqing Morley Mao},
  title     = {The 12th Annual International Conference on Mobile Systems, Applications,
               and Services, MobiSys'14, Bretton Woods, NH, USA, June 16-19, 2014},
  publisher = {{ACM}},
  year      = {2014},
  url       = {http://dl.acm.org/citation.cfm?id=2594368},
  isbn      = {978-1-4503-2793-0},
  timestamp = {Sat, 31 May 2014 14:54:23 +0200},
  biburl    = {http://dblp.uni-trier.de/rec/bib/conf/mobisys/2014},
  bibsource = {dblp computer science bibliography, http://dblp.org}
}

@inproceedings{DBLP:conf/wowmom/WuQKKT12,
  author    = {Jason Wu and
               Lin Qi and
               Ram Shankar Siva Kumar and
               Nishant Kumar and
               Patrick Tague},
  title     = {{S-SPAN:} Secure smart posters in Android using {NFC}},
  booktitle = {2012 {IEEE} International Symposium on a World of Wireless, Mobile
               and Multimedia Networks, WoWMoM 2012, San Francisco, CA, USA, June
               25-28, 2012},
  pages     = {1--3},
  year      = {2012},
  crossref  = {DBLP:conf/wowmom/2012},
  url       = {http://dx.doi.org/10.1109/WoWMoM.2012.6263736},
  doi       = {10.1109/WoWMoM.2012.6263736},
  timestamp = {Mon, 22 Sep 2014 16:50:23 +0200},
  biburl    = {http://dblp.uni-trier.de/rec/bib/conf/wowmom/WuQKKT12},
  bibsource = {dblp computer science bibliography, http://dblp.org}
}

@proceedings{DBLP:conf/wowmom/2012,
  title     = {2012 {IEEE} International Symposium on a World of Wireless, Mobile
               and Multimedia Networks, WoWMoM 2012, San Francisco, CA, USA, June
               25-28, 2012},
  publisher = {{IEEE} Computer Society},
  year      = {2012},
  url       = {http://ieeexplore.ieee.org/xpl/mostRecentIssue.jsp?punumber=6253016},
  isbn      = {978-1-4673-1238-7},
  timestamp = {Mon, 22 Sep 2014 16:50:23 +0200},
  biburl    = {http://dblp.uni-trier.de/rec/bib/conf/wowmom/2012},
  bibsource = {dblp computer science bibliography, http://dblp.org}
}

@inproceedings{DBLP:conf/IEEEares/Mulliner09,
  author    = {Collin Mulliner},
  title     = {Vulnerability Analysis and Attacks on NFC-Enabled Mobile Phones},
  booktitle = {Proceedings of the The Forth International Conference on Availability,
               Reliability and Security, {ARES} 2009, March 16-19, 2009, Fukuoka,
               Japan},
  pages     = {695--700},
  year      = {2009},
  crossref  = {DBLP:conf/IEEEares/2009},
  url       = {http://dx.doi.org/10.1109/ARES.2009.46},
  doi       = {10.1109/ARES.2009.46},
  timestamp = {Tue, 22 Jul 2014 17:04:04 +0200},
  biburl    = {http://dblp.uni-trier.de/rec/bib/conf/IEEEares/Mulliner09},
  bibsource = {dblp computer science bibliography, http://dblp.org}
}

@proceedings{DBLP:conf/IEEEares/2009,
  title     = {Proceedings of the The Forth International Conference on Availability,
               Reliability and Security, {ARES} 2009, March 16-19, 2009, Fukuoka,
               Japan},
  publisher = {{IEEE} Computer Society},
  year      = {2009},
  timestamp = {Mon, 23 Nov 2009 14:56:02 +0100},
  biburl    = {http://dblp.uni-trier.de/rec/bib/conf/IEEEares/2009},
  bibsource = {dblp computer science bibliography, http://dblp.org}
}

@inproceedings{DBLP:conf/trustcom/HameedHHK14,
  author    = {Sufian Hameed and
               Bilal Hameed and
               Syed Atyab Hussain and
               Waqas Khalid},
  title     = {Lightweight Security Middleware to Detect Malicious Content in {NFC}
               Tags or Smart Posters},
  booktitle = {13th {IEEE} International Conference on Trust, Security and Privacy
               in Computing and Communications, TrustCom 2014, Beijing, China, September
               24-26, 2014},
  pages     = {900--905},
  year      = {2014},
  crossref  = {DBLP:conf/trustcom/2014},
  url       = {http://dx.doi.org/10.1109/TrustCom.2014.118},
  doi       = {10.1109/TrustCom.2014.118},
  timestamp = {Thu, 22 Jan 2015 20:39:21 +0100},
  biburl    = {http://dblp.uni-trier.de/rec/bib/conf/trustcom/HameedHHK14},
  bibsource = {dblp computer science bibliography, http://dblp.org}
}

@proceedings{DBLP:conf/trustcom/2014,
  title     = {13th {IEEE} International Conference on Trust, Security and Privacy
               in Computing and Communications, TrustCom 2014, Beijing, China, September
               24-26, 2014},
  publisher = {{IEEE}},
  year      = {2014},
  url       = {http://ieeexplore.ieee.org/xpl/mostRecentIssue.jsp?punumber=7008824},
  isbn      = {978-1-4799-6513-7},
  timestamp = {Thu, 22 Jan 2015 20:23:05 +0100},
  biburl    = {http://dblp.uni-trier.de/rec/bib/conf/trustcom/2014},
  bibsource = {dblp computer science bibliography, http://dblp.org}
}

@inproceedings{DBLP:conf/mobisys/GummesonPGTZ13,
  author    = {Jeremy Gummeson and
               Bodhi Priyantha and
               Deepak Ganesan and
               Derek Thrasher and
               Pengyu Zhang},
  title     = {EnGarde: protecting the mobile phone from malicious {NFC} interactions},
  booktitle = {The 11th Annual International Conference on Mobile Systems, Applications,
               and Services, MobiSys'13, Taipei, Taiwan, June 25-28, 2013},
  pages     = {445--458},
  year      = {2013},
  crossref  = {DBLP:conf/mobisys/2013},
  url       = {http://doi.acm.org/10.1145/2462456.2464455},
  doi       = {10.1145/2462456.2464455},
  timestamp = {Thu, 05 Dec 2013 17:22:20 +0100},
  biburl    = {http://dblp.uni-trier.de/rec/bib/conf/mobisys/GummesonPGTZ13},
  bibsource = {dblp computer science bibliography, http://dblp.org}
}

@proceedings{DBLP:conf/mobisys/2013,
  editor    = {Hao{-}Hua Chu and
               Polly Huang and
               Romit Roy Choudhury and
               Feng Zhao},
  title     = {The 11th Annual International Conference on Mobile Systems, Applications,
               and Services, MobiSys'13, Taipei, Taiwan, June 25-28, 2013},
  publisher = {{ACM}},
  year      = {2013},
  url       = {http://dl.acm.org/citation.cfm?id=2462456},
  isbn      = {978-1-4503-1672-9},
  timestamp = {Thu, 05 Dec 2013 17:22:20 +0100},
  biburl    = {http://dblp.uni-trier.de/rec/bib/conf/mobisys/2013},
  bibsource = {dblp computer science bibliography, http://dblp.org}
}

@inproceedings{DBLP:conf/rfidsec/FrancisHMM10,
  author    = {Lishoy Francis and
               Gerhard P. Hancke and
               Keith Mayes and
               Konstantinos Markantonakis},
  title     = {Practical {NFC} Peer-to-Peer Relay Attack Using Mobile Phones},
  booktitle = {Radio Frequency Identification: Security and Privacy Issues - 6th
               International Workshop, RFIDSec 2010, Istanbul, Turkey, June 8-9,
               2010, Revised Selected Papers},
  pages     = {35--49},
  year      = {2010},
  crossref  = {DBLP:conf/rfidsec/2010},
  url       = {http://dx.doi.org/10.1007/978-3-642-16822-2_4},
  doi       = {10.1007/978-3-642-16822-2_4},
  timestamp = {Thu, 02 Dec 2010 10:25:59 +0100},
  biburl    = {http://dblp.uni-trier.de/rec/bib/conf/rfidsec/FrancisHMM10},
  bibsource = {dblp computer science bibliography, http://dblp.org}
}

@proceedings{DBLP:conf/rfidsec/2010,
  editor    = {Siddika Berna Ors Yalcin},
  title     = {Radio Frequency Identification: Security and Privacy Issues - 6th
               International Workshop, RFIDSec 2010, Istanbul, Turkey, June 8-9,
               2010, Revised Selected Papers},
  series    = {Lecture Notes in Computer Science},
  volume    = {6370},
  publisher = {Springer},
  year      = {2010},
  url       = {http://dx.doi.org/10.1007/978-3-642-16822-2},
  doi       = {10.1007/978-3-642-16822-2},
  isbn      = {978-3-642-16821-5},
  timestamp = {Thu, 02 Dec 2010 10:08:51 +0100},
  biburl    = {http://dblp.uni-trier.de/rec/bib/conf/rfidsec/2010},
  bibsource = {dblp computer science bibliography, http://dblp.org}
}

@inproceedings{DBLP:conf/sec/RolandLS12,
  author    = {Michael Roland and
               Josef Langer and
               Josef Scharinger},
  title     = {Relay Attacks on Secure Element-Enabled Mobile Devices - Virtual Pickpocketing
               Revisited},
  booktitle = {Information Security and Privacy Research - 27th {IFIP} {TC} 11 Information
               Security and Privacy Conference, {SEC} 2012, Heraklion, Crete, Greece,
               June 4-6, 2012. Proceedings},
  pages     = {1--12},
  year      = {2012},
  crossref  = {DBLP:conf/sec/2012},
  url       = {http://dx.doi.org/10.1007/978-3-642-30436-1_1},
  doi       = {10.1007/978-3-642-30436-1_1},
  timestamp = {Tue, 12 Jun 2012 14:32:05 +0200},
  biburl    = {http://dblp.uni-trier.de/rec/bib/conf/sec/RolandLS12},
  bibsource = {dblp computer science bibliography, http://dblp.org}
}

@proceedings{DBLP:conf/sec/2012,
  editor    = {Dimitris Gritzalis and
               Steven Furnell and
               Marianthi Theoharidou},
  title     = {Information Security and Privacy Research - 27th {IFIP} {TC} 11 Information
               Security and Privacy Conference, {SEC} 2012, Heraklion, Crete, Greece,
               June 4-6, 2012. Proceedings},
  series    = {{IFIP} Advances in Information and Communication Technology},
  volume    = {376},
  publisher = {Springer},
  year      = {2012},
  url       = {http://dx.doi.org/10.1007/978-3-642-30436-1},
  doi       = {10.1007/978-3-642-30436-1},
  isbn      = {978-3-642-30435-4},
  timestamp = {Tue, 12 Jun 2012 14:32:05 +0200},
  biburl    = {http://dblp.uni-trier.de/rec/bib/conf/sec/2012},
  bibsource = {dblp computer science bibliography, http://dblp.org}
}

@article{DBLP:journals/compsec/HanckeMM09,
  author    = {Gerhard P. Hancke and
               Keith Mayes and
               Konstantinos Markantonakis},
  title     = {Confidence in smart token proximity: Relay attacks revisited},
  journal   = {Computers {\&} Security},
  volume    = {28},
  number    = {7},
  pages     = {615--627},
  year      = {2009},
  url       = {http://dx.doi.org/10.1016/j.cose.2009.06.001},
  doi       = {10.1016/j.cose.2009.06.001},
  timestamp = {Fri, 08 Oct 2010 07:58:48 +0200},
  biburl    = {http://dblp.uni-trier.de/rec/bib/journals/compsec/HanckeMM09},
  bibsource = {dblp computer science bibliography, http://dblp.org}
}

@inproceedings{DBLP:conf/icitst/EvestiSS13,
  author    = {Antti Evesti and
               Jani Suomalainen and
               Reijo Savola},
  title     = {Security risks in the short-range communication of ubiquitous application},
  booktitle = {8th International Conference for Internet Technology and Secured Transactions,
               {ICITST} 2013, London, United Kingdom, December 9-12, 2013},
  pages     = {612--617},
  year      = {2013},
  crossref  = {DBLP:conf/icitst/2013},
  url       = {http://dx.doi.org/10.1109/ICITST.2013.6750275},
  doi       = {10.1109/ICITST.2013.6750275},
  timestamp = {Mon, 17 Mar 2014 15:43:31 +0100},
  biburl    = {http://dblp.uni-trier.de/rec/bib/conf/icitst/EvestiSS13},
  bibsource = {dblp computer science bibliography, http://dblp.org}
}

@proceedings{DBLP:conf/icitst/2013,
  title     = {8th International Conference for Internet Technology and Secured Transactions,
               {ICITST} 2013, London, United Kingdom, December 9-12, 2013},
  publisher = {{IEEE}},
  year      = {2013},
  url       = {http://ieeexplore.ieee.org/xpl/mostRecentIssue.jsp?punumber=6745432},
  isbn      = {978-1-908320-20-9},
  timestamp = {Mon, 17 Mar 2014 15:27:24 +0100},
  biburl    = {http://dblp.uni-trier.de/rec/bib/conf/icitst/2013},
  bibsource = {dblp computer science bibliography, http://dblp.org}
}

@article{DBLP:journals/corr/abs-1206-1482,
  author    = {Robayet Nasim},
  title     = {Security Threats Analysis in Bluetooth-Enabled Mobile Devices},
  journal   = {CoRR},
  volume    = {abs/1206.1482},
  year      = {2012},
  url       = {http://arxiv.org/abs/1206.1482},
  timestamp = {Wed, 10 Oct 2012 21:28:52 +0200},
  biburl    = {http://dblp.uni-trier.de/rec/bib/journals/corr/abs-1206-1482},
  bibsource = {dblp computer science bibliography, http://dblp.org}
}

@article{DBLP:journals/esl/DardanelliMTZSKH13,
  author    = {Andrea Dardanelli and
               Federico Maggi and
               Mara Tanelli and
               Stefano Zanero and
               Sergio M. Savaresi and
               R. Kochanek and
               T. Holz},
  title     = {A Security Layer for Smartphone-to-Vehicle Communication Over Bluetooth},
  journal   = {Embedded Systems Letters},
  volume    = {5},
  number    = {3},
  pages     = {34--37},
  year      = {2013},
  url       = {http://dx.doi.org/10.1109/LES.2013.2264594},
  doi       = {10.1109/LES.2013.2264594},
  timestamp = {Mon, 02 Sep 2013 14:10:00 +0200},
  biburl    = {http://dblp.uni-trier.de/rec/bib/journals/esl/DardanelliMTZSKH13},
  bibsource = {dblp computer science bibliography, http://dblp.org}
}

@inproceedings{DBLP:conf/apnoms/FanSL11,
  author    = {Chia{-}Ming Fan and
               Shiuhpyng Shieh and
               Bing{-}Han Li},
  title     = {On the security of password-based pairing protocol in Bluetooth},
  booktitle = {13th Asia-Pacific Network Operations and Management Symposium, {APNOMS}
               2011, Taipei, Taiwan, September 21-23, 2011},
  pages     = {1--4},
  year      = {2011},
  crossref  = {DBLP:conf/apnoms/2011},
  url       = {http://dx.doi.org/10.1109/APNOMS.2011.6076998},
  doi       = {10.1109/APNOMS.2011.6076998},
  timestamp = {Wed, 16 Nov 2011 21:52:16 +0100},
  biburl    = {http://dblp.uni-trier.de/rec/bib/conf/apnoms/FanSL11},
  bibsource = {dblp computer science bibliography, http://dblp.org}
}

@proceedings{DBLP:conf/apnoms/2011,
  title     = {13th Asia-Pacific Network Operations and Management Symposium, {APNOMS}
               2011, Taipei, Taiwan, September 21-23, 2011},
  publisher = {{IEEE}},
  year      = {2011},
  url       = {http://ieeexplore.ieee.org/xpl/mostRecentIssue.jsp?punumber=6069626},
  isbn      = {978-1-4577-1668-3},
  timestamp = {Wed, 16 Nov 2011 21:33:43 +0100},
  biburl    = {http://dblp.uni-trier.de/rec/bib/conf/apnoms/2011},
  bibsource = {dblp computer science bibliography, http://dblp.org}
}

@inproceedings{DBLP:conf/automotiveSS/JakobKSGMSF12,
  author    = {Felix Jakob and
               Wolfgang Kremer and
               Andreas Schulze and
               J{\"{u}}rgen Gro{\ss}mann and
               Nadja Menz and
               Martin Schneider and
               Alain{-}Georges Vouffo Feudjio},
  title     = {Risk-based testing of Bluetooth functionality in an automotive environment},
  booktitle = {Automotive - Safety {\&} Security 2012, Sicherheit und Zuverl{\"{a}}ssigkeit
               f{\"{u}}r automobile Informationstechnik, 14.-15. November 2012, Karlsruhe,
               Proceedings},
  pages     = {211--228},
  year      = {2012},
  crossref  = {DBLP:conf/automotiveSS/2012},
  url       = {http://subs.emis.de/LNI/Proceedings/Proceedings210/article6834.html},
  timestamp = {Mon, 19 May 2014 17:55:01 +0200},
  biburl    = {http://dblp.uni-trier.de/rec/bib/conf/automotiveSS/JakobKSGMSF12},
  bibsource = {dblp computer science bibliography, http://dblp.org}
}

@proceedings{DBLP:conf/automotiveSS/2012,
  editor    = {Erhard Pl{\"{o}}dereder and
               Peter Dencker and
               Herbert Klenk and
               Hubert B. Keller and
               Silke Spitzer},
  title     = {Automotive - Safety {\&} Security 2012, Sicherheit und Zuverl{\"{a}}ssigkeit
               f{\"{u}}r automobile Informationstechnik, 14.-15. November 2012, Karlsruhe,
               Proceedings},
  series    = {{LNI}},
  volume    = {210},
  publisher = {{GI}},
  year      = {2012},
  isbn      = {978-3-88579-604-6},
  timestamp = {Mon, 22 Jul 2013 09:58:24 +0200},
  biburl    = {http://dblp.uni-trier.de/rec/bib/conf/automotiveSS/2012},
  bibsource = {dblp computer science bibliography, http://dblp.org}
}

@article{DBLP:journals/ijnsec/Lackner13,
  author    = {G{\"{u}}nther Lackner},
  title     = {A Comparison of Security in Wireless Network Standards with a Focus
               on Bluetooth, WiFi and WiMAX},
  journal   = {I. J. Network Security},
  volume    = {15},
  number    = {6},
  pages     = {420--436},
  year      = {2013},
  url       = {http://ijns.femto.com.tw/contents/ijns-v15-n6/ijns-2013-v15-n6-p420-436.pdf},
  timestamp = {Mon, 09 Sep 2013 17:20:01 +0200},
  biburl    = {http://dblp.uni-trier.de/rec/bib/journals/ijnsec/Lackner13},
  bibsource = {dblp computer science bibliography, http://dblp.org}
}

@inproceedings{DBLP:conf/woot/Ryan13,
  author    = {Mike Ryan},
  title     = {Bluetooth: With Low Energy Comes Low Security},
  booktitle = {7th {USENIX} Workshop on Offensive Technologies, {WOOT} '13, Washington,
               D.C., USA, August 13, 2013},
  year      = {2013},
  crossref  = {DBLP:conf/woot/2013},
  url       = {https://www.usenix.org/conference/woot13/workshop-program/presentation/ryan},
  timestamp = {Wed, 14 May 2014 08:04:37 +0200},
  biburl    = {http://dblp.uni-trier.de/rec/bib/conf/woot/Ryan13},
  bibsource = {dblp computer science bibliography, http://dblp.org}
}

@proceedings{DBLP:conf/woot/2013,
  editor    = {Jon Oberheide and
               William K. Robertson},
  title     = {7th {USENIX} Workshop on Offensive Technologies, {WOOT} '13, Washington,
               D.C., USA, August 13, 2013},
  publisher = {{USENIX} Association},
  year      = {2013},
  url       = {https://www.usenix.org/publications/proceedings/?f[0]=im_group_audience%3A392},
  timestamp = {Wed, 14 May 2014 08:04:37 +0200},
  biburl    = {http://dblp.uni-trier.de/rec/bib/conf/woot/2013},
  bibsource = {dblp computer science bibliography, http://dblp.org}
}

@inproceedings{DBLP:conf/greencom/XuZLMLCSTY13,
  author    = {Junfeng Xu and
               Tao Zhang and
               Dong Lin and
               Ye Mao and
               Xiaonan Liu and
               Shiwu Chen and
               Shuai Shao and
               Bin Tian and
               Shengwei Yi},
  title     = {Pairing and Authentication Security Technologies in Low-Power Bluetooth},
  booktitle = {2013 {IEEE} International Conference on Green Computing and Communications
               (GreenCom) and {IEEE} Internet of Things (iThings) and {IEEE} Cyber,
               Physical and Social Computing (CPSCom), Beijing, China, August 20-23,
               2013},
  pages     = {1081--1085},
  year      = {2013},
  crossref  = {DBLP:conf/greencom/2013},
  url       = {http://dx.doi.org/10.1109/GreenCom-iThings-CPSCom.2013.185},
  doi       = {10.1109/GreenCom-iThings-CPSCom.2013.185},
  timestamp = {Wed, 17 Dec 2014 17:29:36 +0100},
  biburl    = {http://dblp.uni-trier.de/rec/bib/conf/greencom/XuZLMLCSTY13},
  bibsource = {dblp computer science bibliography, http://dblp.org}
}

@proceedings{DBLP:conf/greencom/2013,
  title     = {2013 {IEEE} International Conference on Green Computing and Communications
               (GreenCom) and {IEEE} Internet of Things (iThings) and {IEEE} Cyber,
               Physical and Social Computing (CPSCom), Beijing, China, August 20-23,
               2013},
  publisher = {{IEEE}},
  year      = {2013},
  url       = {http://ieeexplore.ieee.org/xpl/mostRecentIssue.jsp?punumber=6679957},
  isbn      = {978-0-7695-5046-6},
  timestamp = {Wed, 17 Dec 2014 17:27:32 +0100},
  biburl    = {http://dblp.uni-trier.de/rec/bib/conf/greencom/2013},
  bibsource = {dblp computer science bibliography, http://dblp.org}
}

@article{DBLP:journals/ijnsec/YehPWH12,
  author    = {Tzu{-}Chang Yeh and
               Jian{-}Ren Peng and
               Sheng{-}Shih Wang and
               Jun{-}Ping Hsu},
  title     = {Securing Bluetooth Communications},
  journal   = {I. J. Network Security},
  volume    = {14},
  number    = {4},
  pages     = {229--235},
  year      = {2012},
  url       = {http://ijns.femto.com.tw/contents/ijns-v14-n4/ijns-2012-v14-n4-p229-235.pdf},
  timestamp = {Wed, 07 Nov 2012 19:16:17 +0100},
  biburl    = {http://dblp.uni-trier.de/rec/bib/journals/ijnsec/YehPWH12},
  bibsource = {dblp computer science bibliography, http://dblp.org}
}


